@MISC{WEBSITE:Github,
	HOWPUBLISHED = "\url{https://github.com/aleksailic}",
	AUTHOR = "Aleksa Ilić",
	TITLE = "Github page",
	MONTH = "Dec",
	YEAR = "2020",
	NOTE = "Ime repozitorijuma za vreme pisanja rada: opna\_2. Autor zadržava pravo promene imena"
}